@inproceedings{YALMIP,
    author = { J. Lofberg },
    title = { YALMIP : A Toolbox for Modeling and Optimization in {MATLAB} },
    booktitle = { Proceedings of the CACSD Conference },
    year = { 2004 },
    URL = { http://users.isy.liu.se/johanl/yalmip },
    address = { Taipei, Taiwan },
} 

@article{KG10,
author={A. Karimi and G. Galdos},
title={Fixed-order {$H_\infty$} Controller Design for Nonparametric Models by Convex Optimization},
Journal={Automatica},
number= 8,
Volume=46,
year={2010},
pages= {1388--1394}
}

@book{DFT92,
        author={C. J. Doyle and B. A. Francis and A. R. Tannenbaum}, 
        title={Feedback Control Theory},
        Publisher={Mc Millan},
        year={1992},
        address={New  York}
        }

@article{GKL10b,
author = "G. Galdos and A. Karimi and R. Longchamp",
title = "${H}_\infty$ Controller design for spectral {MIMO} models by convex optimization",
journal = "Journal of Process Control",
volume = "20",
number = "10",
pages = "1175 - 1182",
year = "2010"
}

@InProceedings{KKL07e,
    	 author= {M. Kunze and A. Karimi and R. Longchamp},
 	 title = {Gain-Scheduled Controller Design by Linear Programming},
  	 booktitle = {European Control Conference},
  	 location = {Kos, Greece},
  	 pages = {5432--5438},
  	 year = {2007},
	 month = {July}
}

@Article{KKL07,
   	author = {A. Karimi and M. Kunze and R. Longchamp},
    	title = {Robust Controller Design by Linear Programming with Application to a Double-Axis Positioning System},
   	journal = {Control {E}ngineering {P}ractice},
	volume ={15},
	number = {2},
	pages={197--208},
	year={2007},
	month={February},
}
